% Encoding: UTF-8

@article{fukutome,
  title={Unrestricted Hartree--Fock theory and its applications to molecules and chemical reactions},
  author={Fukutome, Hideo},
  journal={International Journal of Quantum Chemistry},
  volume={20},
  number={5},
  pages={955--1065},
  year={1981},
  publisher={Wiley Online Library}
}

@article{benjamin,
  title={Efficient variational quantum simulator incorporating active error minimization},
  author={Li, Ying and Benjamin, Simon C},
  journal={Physical Review X},
  volume={7},
  number={2},
  pages={021050},
  year={2017},
  publisher={APS}
}

@misc{nielsen,
  title={Quantum computation and quantum information},
  author={Nielsen, Michael A and Chuang, Isaac},
  year={2002},
  publisher={American Association of Physics Teachers}
}

@book{szabo,
  title={Modern quantum chemistry: introduction to advanced electronic structure theory},
  author={Szabo, Attila and Ostlund, Neil S},
  year={2012},
  publisher={Courier Corporation}
}

@article{wybourne,
title = {Classical groups for physicists},
author = {Wybourne, B G},
abstractNote = {},
doi = {},
url = {https://www.osti.gov/biblio/4271130}, journal = {},
number = {},
volume = {},
place = {Country unknown/Code not available},
year = {1974},
month = {1}
}

@book{raczka,
  title={Theory of group representations and applications},
  author={Raczka, Ryszard and Barut, Asim Orhan},
  year={1986},
  publisher={World Scientific Publishing Company}
}

@incollection{kramer,
  title={Geometry of the time-dependent variational principle in quantum mechanics},
  author={Kramer, Peter and Saraceno, Marcos},
  booktitle={Group theoretical methods in physics},
  pages={112--121},
  year={1980},
  publisher={Springer}
}

@article{thouless,
  title={Stability conditions and nuclear rotations in the Hartree-Fock theory},
  author={Thouless, David J},
  journal={Nuclear Physics},
  volume={21},
  pages={225--232},
  year={1960},
  publisher={Elsevier}
}

@incollection{perelomov,
  title={Coherent states for arbitrary Lie groups},
  author={Perelomov, Askold},
  booktitle={Generalized Coherent States and Their Applications},
  pages={40--47},
  year={1986},
  publisher={Springer}
}

@book{klauder,
  title={Coherent states: applications in physics and mathematical physics},
  author={Klauder, John R and Skagerstam, Bo-Sture},
  year={1985},
  publisher={World scientific}
}

@article{broeckhove,
  title={On the equivalence of time-dependent variational principles},
  author={Broeckhove, J and Lathouwers, L and Kesteloot, E and Van Leuven, P},
  journal={Chemical physics letters},
  volume={149},
  number={5-6},
  pages={547--550},
  year={1988},
  publisher={Elsevier}
}

@article{mcweeny,
  title={An overview of molecular quantum mechanics},
  author={McWeeny, Roy},
  journal={Methods in Computational Molecular Physics},
  pages={3--17},
  year={1992},
  publisher={Springer}
}

@article{ekert,
  title={Direct estimations of linear and nonlinear functionals of a quantum state},
  author={Ekert, Artur K and Alves, Carolina Moura and Oi, Daniel KL and Horodecki, Micha{\l} and Horodecki, Pawe{\l} and Kwek, Leong Chuan},
  journal={Physical review letters},
  volume={88},
  number={21},
  pages={217901},
  year={2002},
  publisher={APS}
}

@article{mcardle,
  title={Quantum computational chemistry},
  author={McArdle, Sam and Endo, Suguru and Aspuru-Guzik, Al{\'a}n and Benjamin, Simon C and Yuan, Xiao},
  journal={Reviews of Modern Physics},
  volume={92},
  number={1},
  pages={015003},
  year={2020},
  publisher={APS}
}

@article{cao,
  title={Quantum chemistry in the age of quantum computing},
  author={Cao, Yudong and Romero, Jonathan and Olson, Jonathan P and Degroote, Matthias and Johnson, Peter D and Kieferov{\'a}, M{\'a}ria and Kivlichan, Ian D and Menke, Tim and Peropadre, Borja and Sawaya, Nicolas PD and others},
  journal={Chemical reviews},
  volume={119},
  number={19},
  pages={10856--10915},
  year={2019},
  publisher={ACS Publications}
}

@article{moralesdna,
  title={Electron nuclear dynamics simulations of proton cancer therapy reactions: Water radiolysis and proton-and electron-induced DNA damage in computational prototypes},
  author={Teixeira, Erico S and Uppulury, Karthik and Privett, Austin J and Stopera, Christopher and McLaurin, Patrick M and Morales, Jorge A},
  journal={Cancers},
  volume={10},
  number={5},
  pages={136},
  year={2018},
  publisher={MDPI}
}

@article{moraleswater,
  title={Exploring water radiolysis in proton cancer therapy: Time-dependent, non-adiabatic simulations of H++(H2O) 1-6},
  author={Privett, Austin J and Teixeira, Erico S and Stopera, Christopher and Morales, Jorge A},
  journal={PloS one},
  volume={12},
  number={4},
  pages={e0174456},
  year={2017},
  publisher={Public Library of Science San Francisco, CA USA}
}

@article{ulusoy2012multi,
  title={The multi-configuration electron-nuclear dynamics method applied to LiH},
  author={Ulusoy, Inga S and Nest, Mathias},
  journal={The Journal of chemical physics},
  volume={136},
  number={5},
  year={2012},
  publisher={AIP Publishing}
}

@article{longo1993h++,
  title={H++ H, He, and H2 scattering using a new time-dependent method for electron nuclear dynamics},
  author={Longo, Ricardo and Deumens, Erik and {\"O}hrn, Yngve},
  journal={The Journal of chemical physics},
  volume={99},
  number={6},
  pages={4554--4565},
  year={1993},
  publisher={American Institute of Physics}
}

